%% This BibTeX bibliography file was created using BibDesk.
%% http://bibdesk.sourceforge.net/


%% Created for Lawrence Bond at 2017-10-25 14:54:50 -0700 


%% Saved with string encoding Unicode (UTF-8) 



@article{prout1968sufficient,
	Author = {Prout, Timothy},
	Date-Added = {2017-10-25 19:51:26 +0000},
	Date-Modified = {2017-10-25 19:51:26 +0000},
	Journal = {Am. Nat.},
	Number = {928},
	Pages = {493--496},
	Publisher = {University of Chicago Press},
	Title = {Sufficient conditions for multiple niche polymorphism},
	Volume = {102},
	Year = {1968}}

@article{zefferman2016mothers,
	Author = {Zefferman, Matthew R},
	Date-Added = {2017-10-25 19:48:03 +0000},
	Date-Modified = {2017-10-25 19:48:03 +0000},
	Journal = {Behavioral Ecology},
	Number = {4},
	Pages = {1172--1181},
	Publisher = {Oxford University Press UK},
	Title = {Mothers teach daughters because daughters teach granddaughters: the evolution of sex-biased transmission},
	Volume = {27},
	Year = {2016}}

@article{kussell2005phenotypic,
	Author = {Kussell, Edo and Leibler, Stanislas},
	Date-Added = {2017-10-25 19:41:19 +0000},
	Date-Modified = {2017-10-25 19:41:19 +0000},
	Journal = {Science},
	Number = {5743},
	Pages = {2075--2078},
	Publisher = {American Association for the Adv. Sci.},
	Title = {Phenotypic diversity, population growth, and information in fluctuating environments},
	Volume = {309},
	Year = {2005}}

@article{zinder1952genetic,
	Author = {Zinder, Norton D and Lederberg, Joshua},
	Date-Added = {2017-10-25 19:19:15 +0000},
	Date-Modified = {2017-10-25 19:19:15 +0000},
	Journal = {J. Bacteriol.},
	Number = {5},
	Pages = {679},
	Publisher = {American Society for Microbiology (ASM)},
	Title = {Genetic exchange in Salmonella},
	Volume = {64},
	Year = {1952}}

@article{xue2016evolutionary,
	Author = {Xue, BingKan and Leibler, Stanislas},
	Date-Added = {2017-10-25 19:18:37 +0000},
	Date-Modified = {2017-10-25 19:18:37 +0000},
	Journal = {Proc. Natl. Acad. Sci. U.S.A.},
	Pages = {201608756},
	Publisher = {National Acad Sciences},
	Title = {Evolutionary learning of adaptation to varying environments through a transgenerational feedback},
	Year = {2016}}

@article{whiten2017extension,
	Author = {Whiten, Andrew and Ayala, Francisco J and Feldman, Marcus W and Laland, Kevin N},
	Date-Added = {2017-10-25 19:18:05 +0000},
	Date-Modified = {2017-10-25 19:18:05 +0000},
	Journal = {Proc. Natl. Acad. Sci. U.S.A.},
	Number = {30},
	Pages = {7775--7781},
	Publisher = {National Acad Sciences},
	Title = {The extension of biology through culture},
	Volume = {114},
	Year = {2017}}

@article{wakano2004evolution,
	Author = {Wakano, Joe Yuichiro and Aoki, Kenichi and Feldman, Marcus W},
	Date-Added = {2017-10-25 19:17:39 +0000},
	Date-Modified = {2017-10-25 19:17:39 +0000},
	Journal = {Theor. Popul. Biol.},
	Number = {3},
	Pages = {249--258},
	Publisher = {Elsevier},
	Title = {Evolution of social learning: a mathematical analysis},
	Volume = {66},
	Year = {2004}}

@article{wakano2006mixed,
	Author = {Wakano, Joe Yuichiro and Aoki, Kenichi},
	Date-Added = {2017-10-25 19:17:08 +0000},
	Date-Modified = {2017-10-25 19:17:08 +0000},
	Journal = {Theor. Popul. Biol.},
	Number = {4},
	Pages = {486--497},
	Publisher = {Elsevier},
	Title = {A mixed strategy model for the emergence and intensification of social learning in a periodically changing natural environment},
	Volume = {70},
	Year = {2006}}

@article{van2015rethinking,
	Author = {van Opstal, Edward J and Bordenstein, Seth R},
	Date-Added = {2017-10-25 19:16:19 +0000},
	Date-Modified = {2017-10-25 19:16:19 +0000},
	Journal = {Science},
	Number = {6253},
	Pages = {1172--1173},
	Publisher = {American Association for the Adv. Sci.},
	Title = {Rethinking heritability of the microbiome},
	Volume = {349},
	Year = {2015}}

@article{theis2016getting,
	Author = {Theis, Kevin R and Dheilly, Nolwenn M and Klassen, Jonathan L and Brucker, Robert M and Baines, John F and Bosch, Thomas CG and Cryan, John F and Gilbert, Scott F and Goodnight, Charles J and Lloyd, Elisabeth A and others},
	Date-Added = {2017-10-25 19:15:39 +0000},
	Date-Modified = {2017-10-25 19:15:39 +0000},
	Journal = {Msystems},
	Number = {2},
	Pages = {e00028--16},
	Publisher = {Am Soc Microbiol},
	Title = {Getting the hologenome concept right: an eco-evolutionary framework for hosts and their microbiomes},
	Volume = {1},
	Year = {2016}}

@article{thattai2004stochastic,
	Author = {Thattai, Mukund and Van Oudenaarden, Alexander},
	Date-Added = {2017-10-25 19:14:50 +0000},
	Date-Modified = {2017-10-25 19:14:50 +0000},
	Journal = {Genetics},
	Number = {1},
	Pages = {523--530},
	Publisher = {Genetics Soc America},
	Title = {Stochastic Gene Expr. in fluctuating environments},
	Volume = {167},
	Year = {2004}}

@incollection{salyers2004conjugative,
	Author = {Salyers, Abigail A and Whittle, Gabrielle and Shoemaker, Nadja B},
	Booktitle = {Microbial Evolution},
	Date-Added = {2017-10-25 19:14:22 +0000},
	Date-Modified = {2017-10-25 19:14:22 +0000},
	Pages = {125--143},
	Publisher = {American Society of Microbiology},
	Title = {Conjugative and mobilizable transposons},
	Year = {2004}}

@article{salathe2009evolution,
	Author = {Salath{\'e}, Marcel and Van Cleve, Jeremy and Feldman, Marcus W},
	Date-Added = {2017-10-25 19:12:38 +0000},
	Date-Modified = {2017-10-25 19:12:38 +0000},
	Journal = {Genetics},
	Number = {4},
	Pages = {1159--1164},
	Publisher = {Genetics Soc America},
	Title = {Evolution of stochastic switching rates in asymmetric fitness landscapes},
	Volume = {182},
	Year = {2009}}

@article{rosenberg2016microbes,
	Author = {Rosenberg, Eugene and Zilber-Rosenberg, Ilana},
	Date-Added = {2017-10-25 19:12:07 +0000},
	Date-Modified = {2017-10-25 19:12:07 +0000},
	Journal = {MBio},
	Number = {2},
	Pages = {e01395--15},
	Publisher = {Am Soc Microbiol},
	Title = {Microbes drive evolution of animals and plants: the hologenome concept},
	Volume = {7},
	Year = {2016}}

@article{rogers1988does,
	Author = {Rogers, Alan R},
	Date-Added = {2017-10-25 19:11:31 +0000},
	Date-Modified = {2017-10-25 19:11:31 +0000},
	Journal = {American Anthropologist},
	Number = {4},
	Pages = {819--831},
	Publisher = {Wiley Online Library},
	Title = {Does biology constrain culture?},
	Volume = {90},
	Year = {1988}}

@article{rivoire2014model,
	Author = {Rivoire, Olivier and Leibler, Stanislas},
	Date-Added = {2017-10-25 19:10:41 +0000},
	Date-Modified = {2017-10-25 19:10:41 +0000},
	Journal = {Proc. Natl. Acad. Sci. U.S.A.},
	Number = {19},
	Pages = {E1940--E1949},
	Publisher = {National Acad Sciences},
	Title = {A model for the generation and transmission of variations in evolution},
	Volume = {111},
	Year = {2014}}

@article{redfield1993evolution,
	Author = {Redfield, Rosemary J},
	Date-Added = {2017-10-25 19:09:54 +0000},
	Date-Modified = {2017-10-25 19:09:54 +0000},
	Journal = {Genetics},
	Number = {4},
	Pages = {755--761},
	Publisher = {Genetics Soc America},
	Title = {Evolution of natural transformation: testing the DNA Repair hypothesis in Bacillus subtilis and Haemophilus influenzae.},
	Volume = {133},
	Year = {1993}}

@article{milkman1990molecular,
	Author = {Milkman, Roger and Bridges, M McKane},
	Date-Added = {2017-10-25 19:09:11 +0000},
	Date-Modified = {2017-10-25 19:09:11 +0000},
	Journal = {Genetics},
	Number = {3},
	Pages = {505--517},
	Publisher = {Genetics Soc America},
	Title = {Molecular evolution of the Escherichia coli chromosome. III. Clonal frames.},
	Volume = {126},
	Year = {1990}}

@article{mazel2006integrons,
	Author = {Mazel, Didier},
	Date-Added = {2017-10-25 19:08:32 +0000},
	Date-Modified = {2017-10-25 19:08:32 +0000},
	Journal = {Nat. Rev. Microbiol.},
	Number = {8},
	Pages = {608--620},
	Publisher = {Nature Publishing Group},
	Title = {Integrons: agents of bacterial evolution},
	Volume = {4},
	Year = {2006}}

@article{lycett2008questions,
	Author = {Lycett, Stephen J and Gowlett, John AJ},
	Date-Added = {2017-10-25 19:07:51 +0000},
	Date-Modified = {2017-10-25 19:07:51 +0000},
	Journal = {World Archaeology},
	Number = {3},
	Pages = {295--315},
	Publisher = {Taylor \&amp; Francis},
	Title = {On questions surrounding the Acheulean `tradition'},
	Volume = {40},
	Year = {2008}}

@article{liberman2011evolution,
	Author = {Liberman, Uri and Van Cleve, Jeremy and Feldman, Marcus W},
	Date-Added = {2017-10-25 19:07:17 +0000},
	Date-Modified = {2017-10-25 19:07:17 +0000},
	Journal = {Genetics},
	Number = {3},
	Pages = {837--851},
	Publisher = {Genetics Soc America},
	Title = {On the evolution of mutation in changing environments: recombination and phenotypic switching},
	Volume = {187},
	Year = {2011}}

@article{lederberg1946gene,
	Author = {Lederberg, Joshua and Tatum, Edward L},
	Date-Added = {2017-10-25 19:06:35 +0000},
	Date-Modified = {2017-10-25 19:06:35 +0000},
	Journal = {Nature},
	Pages = {558},
	Title = {Gene recombination in Escherichia coli},
	Volume = {158},
	Year = {1946}}

@article{karlin1975random,
	Author = {Karlin, S and Liberman, U},
	Date-Added = {2017-10-25 19:05:44 +0000},
	Date-Modified = {2017-10-25 19:05:44 +0000},
	Journal = {J. Math. Biol.},
	Number = {1},
	Pages = {1--17},
	Publisher = {Springer},
	Title = {Random temporal variation in selection intensities: one-locus two-allele model},
	Volume = {2},
	Year = {1975}}

@article{karlin1974random,
	Author = {Karlin, Samuel and Lieberman, Uri},
	Date-Added = {2017-10-25 19:05:09 +0000},
	Date-Modified = {2017-10-25 19:05:09 +0000},
	Journal = {Theor. Popul. Biol.},
	Number = {3},
	Pages = {355--382},
	Publisher = {Academic Press},
	Title = {Random temporal variation in selection intensities: case of large population size},
	Volume = {6},
	Year = {1974}}

@article{karlin1974temporal,
	Author = {Karlin, Samuel and Levikson, Benny},
	Date-Added = {2017-10-25 19:04:36 +0000},
	Date-Modified = {2017-10-25 19:04:36 +0000},
	Journal = {Theor. Popul. Biol.},
	Number = {3},
	Pages = {383--412},
	Publisher = {Elsevier},
	Title = {Temporal fluctuations in selection intensities: case of small population size},
	Volume = {6},
	Year = {1974}}

@article{jaenisch2003epigenetic,
	Author = {Jaenisch, Rudolf and Bird, Adrian},
	Date-Added = {2017-10-25 19:03:59 +0000},
	Date-Modified = {2017-10-25 19:03:59 +0000},
	Journal = {Nat. Genet.},
	Pages = {245--254},
	Publisher = {Nature Publishing Group},
	Title = {Epigenetic regulation of Gene Expr.: how the genome integrates intrinsic and environmental signals},
	Volume = {33},
	Year = {2003}}

@article{haldane1963polymorphism,
	Author = {Haldane, JBS and Jayakar, SD},
	Date-Added = {2017-10-25 19:03:32 +0000},
	Date-Modified = {2017-10-25 19:03:32 +0000},
	Journal = {Journal of Genetics},
	Number = {2},
	Pages = {237--242},
	Publisher = {Springer},
	Title = {Polymorphism due to selection of varying direction},
	Volume = {58},
	Year = {1963}}

@article{gaal2010exact,
	Author = {Ga{\'a}l, Bernadett and Pitchford, Jonathan W and Wood, A Jamie},
	Date-Added = {2017-10-25 19:02:54 +0000},
	Date-Modified = {2017-10-25 19:02:54 +0000},
	Journal = {Genetics},
	Number = {4},
	Pages = {1113--1119},
	Publisher = {Genetics Soc America},
	Title = {Exact results for the evolution of stochastic switching in variable asymmetric environments},
	Volume = {184},
	Year = {2010}}

@article{feldman1996individual,
	Author = {Feldman, Marcus W and Aoki, Kenichi and Kumm, Jochen},
	Date-Added = {2017-10-25 19:01:31 +0000},
	Date-Modified = {2017-10-25 19:01:31 +0000},
	Journal = {Anthropological Science},
	Number = {3},
	Pages = {209--231},
	Publisher = {The Anthropological Society of Nippon},
	Title = {Individual versus social learning: evolutionary analysis in a fluctuating environment},
	Volume = {104},
	Year = {1996}}

@article{feldman1986evolutionary,
	Author = {Feldman, Marcus W and Liberman, Uri},
	Date-Added = {2017-10-25 19:00:44 +0000},
	Date-Modified = {2017-10-25 19:00:44 +0000},
	Journal = {Proc. Natl. Acad. Sci. U.S.A.},
	Number = {13},
	Pages = {4824--4827},
	Publisher = {National Acad Sciences},
	Title = {An evolutionary reduction principle for genetic modifiers},
	Volume = {83},
	Year = {1986}}

@misc{ewens2004mathematical,
	Author = {Ewens, Warren J},
	Date-Added = {2017-10-25 18:59:49 +0000},
	Date-Modified = {2017-10-25 18:59:49 +0000},
	Publisher = {Springer-Verlag, New York,},
	Title = {Mathematical population genetics. I, volume 27 of Interdisciplinary Applied Mathematics},
	Year = {2004}}

@article{carja2014evolution,
	Author = {Carja, Oana and Liberman, Uri and Feldman, Marcus W},
	Date-Added = {2017-10-25 18:57:03 +0000},
	Date-Modified = {2017-10-25 18:57:03 +0000},
	Journal = {Proc. Natl. Acad. Sci. U.S.A.},
	Number = {50},
	Pages = {17935--17940},
	Publisher = {National Acad Sciences},
	Title = {Evolution in changing environments: Modifiers of mutation, recombination, and migration},
	Volume = {111},
	Year = {2014}}

@article{boyd1995does,
	Author = {Boyd, Robert and Richerson, Peter J},
	Date-Added = {2017-10-25 18:56:17 +0000},
	Date-Modified = {2017-10-25 18:56:17 +0000},
	Journal = {Ethology and sociobiology},
	Number = {2},
	Pages = {125--143},
	Publisher = {Elsevier},
	Title = {Why does culture increase human adaptability?},
	Volume = {16},
	Year = {1995}}

@article{boyd1988evolutionary,
	Author = {Boyd, Robert and Richerson, Peter J},
	Date-Added = {2017-10-25 18:55:27 +0000},
	Date-Modified = {2017-10-25 18:55:27 +0000},
	Journal = {Social learning: psychological and biological perspectives},
	Pages = {29--48},
	Publisher = {Hillsdale, NJ: Lawrence Erlbaum Associates},
	Title = {An evolutionary model of social learning: the effects of spatial and temporal variation},
	Year = {1988}}

@book{bergstrom2012evolution,
	Author = {Bergstrom, C. T. and Dugatkin, L. A.},
	Date-Added = {2017-10-25 18:52:42 +0000},
	Date-Modified = {2017-10-25 18:53:48 +0000},
	Publisher = {W. W. Norton & Co.},
	Title = {Evolution},
	Year = {2012}}

@article{balaban2004bacterial,
	Author = {Balaban, Nathalie Q and Merrin, Jack and Chait, Remy and Kowalik, Lukasz and Leibler, Stanislas},
	Date-Added = {2017-10-25 18:51:31 +0000},
	Date-Modified = {2017-10-25 18:51:31 +0000},
	Journal = {Science},
	Number = {5690},
	Pages = {1622--1625},
	Publisher = {American Association for the Adv. Sci.},
	Title = {Bacterial persistence as a phenotypic switch},
	Volume = {305},
	Year = {2004}}

@article{aoki2005emergence,
	Author = {Aoki, Ken and Wakano, Joe Y and Feldman, Marcus W},
	Date-Added = {2017-10-25 18:16:16 +0000},
	Date-Modified = {2017-10-25 18:37:50 +0000},
	Journal = {Curr Anthropol},
	Pages = {334--340},
	Title = {The emergence of social learning in a temporally changing environment: a theoretical model.},
	Volume = {46},
	Year = {2005}}

@article{aoki2014evolution,
	Author = {Aoki, Ken and Feldman, Marcus W},
	Date-Added = {2017-10-25 18:12:21 +0000},
	Date-Modified = {2017-10-25 18:38:07 +0000},
	Journal = {Proc Natl Acad Sci USA},
	Pages = {3--19},
	Title = {Evolution of learning strategies in temporally and spatially variable environments: a review of theory.},
	Volume = {91},
	Year = {2014}}

@book{cavalli1981cultural,
	Author = {Cavalli-Sforza, Luigi L and Feldman, Marcus W},
	Date-Added = {2017-10-25 18:03:11 +0000},
	Date-Modified = {2017-10-25 18:35:18 +0000},
	Number = {16},
	Publisher = {Princeton University Press},
	Title = {Cultural Transmission and Evolution: a Quantitative Approach},
	Year = {1981}}

@article{altenberg2017unified,
	Author = {Altenberg, Lee and Liberman, Uri and Feldman, Marcus W},
	Date-Added = {2017-10-25 17:54:04 +0000},
	Date-Modified = {2017-10-25 17:54:04 +0000},
	Journal = {Proc. Natl. Acad. Sci. U.S.A.},
	Number = {12},
	Publisher = {Proc. Natl. Acad. Sci. U.S.A.},
	Title = {Unified reduction principle for the evolution of mutation, migration, and recombination},
	Volume = {114},
	Year = {2017}}

@article{allis2016molecular,
	Author = {Allis, C David and Jenuwein, Thomas},
	Date-Added = {2017-10-25 17:50:58 +0000},
	Date-Modified = {2017-10-25 17:50:58 +0000},
	Journal = {Nat Rev Genet},
	Number = {8},
	Pages = {487--500},
	Publisher = {Nature Publishing Group, a division of Macmillan Publishers Limited. All Rights Reserved.},
	Title = {The molecular hallmarks of epigenetic control},
	Volume = {17},
	Year = {2016}}

@article{chesson1981,
	Author = {Chesson, Peter L. and Warner, Robert R.},
	Date-Added = {2017-12-11 14:17:31 +0000},
	Date-Modified = {2017-12-11 14:19:35 +0000},
	Doi = {10.1086/283778},
	Journal = {Am. Nat.},
	Number = {6},
	Pages = {923--943},
	Title = {Environmental Variability Promotes Coexistence in Lottery Competitive Systems},
	Volume = {117},
	Year = {1981}}
