%% This BibTeX bibliography file was created using BibDesk.
%% http://bibdesk.sourceforge.net/

%% Created for Yoav Ram at 2017-12-12 15:41:36 +0200 


%% Saved with string encoding Unicode (UTF-8) 



@book{ewens2004,
	Address = {New York},
	Author = {Ewens, W.},
	Date-Added = {2017-12-12 13:40:49 +0000},
	Date-Modified = {2017-12-12 13:40:49 +0000},
	Edition = {2},
	Publisher = {Springer},
	Title = {{Mathematical Population Genetics}},
	Year = {2004}
	}

@article{brent1971,
	Author = {Brent, R. P.},
	Doi = {10.1093/comjnl/14.4.422},
	Journal = {The Computer Journal},
	Month = {apr},
	Number = {4},
	Pages = {422--425},
	Title = {{An algorithm with guaranteed convergence for finding a zero of a function}},
	Volume = {14},
	Year = {1971}
	}

@article{bartholomew2000,
	Author = {Bartholomew-Biggs, Michael and Brown, Steven and Christianson, Bruce and Dixon, Laurence},
	Doi = {10.1016/S0377-0427(00)00422-2},
	Eprint = {arXiv:1011.1669v3},
	Journal = {Journal of Computational and Applied Mathematics},
	Number = {1-2},
	Pages = {171--190},
	Pmid = {25246403},
	Title = {{Automatic differentiation of algorithms}},
	Volume = {124},
	Year = {2000},
	}