@article{Prout1968,
 author = {Prout, Timothy},
 doi = {10.1086/282562},
 file = {:Users/yoavram/Documents/Mendeley Desktop/Prout/1968/Prout - 1968 - Sufficient Conditions for Multiple Niche Polymorphism.pdf:pdf},
 issn = {0003-0147},
 journal = {The American Naturalist},
 link = {http://www.journals.uchicago.edu/doi/10.1086/282562},
 month = {nov},
 number = {928},
 pages = {493--496},
 title = {Sufficient Conditions for Multiple Niche Polymorphism},
 volume = {102},
 year = {1968}
}

@misc{SymPyDevelopmentTeam2014,
 author = {SymPy Development Team},
 link = {http://www.sympy.org},
 title = {SymPy: Python library for symbolic mathematics},
 year = {2014}
}

@article{Xue2016,
 annote = {Rewrite Eq 1:

pi{\_}A ' = (1-ni) * pi{\_}A + ni * 1{\_}(parent is A)},
 author = {Xue, BingKan and Leibler, Stanislas},
 doi = {10.1073/pnas.1608756113},
 file = {:Users/yoavram/Documents/Mendeley Desktop/Xue, Leibler/2016/Xue, Leibler - 2016 - Evolutionary learning of adaptation to varying environments through a transgenerational feedback.pdf:pdf},
 issn = {0027-8424},
 journal = {Proceedings of the National Academy of Sciences},
 keyword = {nongenetic inheritance},
 link = {http://www.pnas.org/lookup/doi/10.1073/pnas.1608756113},
 mendeley-tags = {nongenetic inheritance},
 pages = {201608756},
 pmid = {27647895},
 title = {Evolutionary learning of adaptation to varying environments through a transgenerational feedback},
 year = {2016}
}

